@article{lit:EDM_Journal,
	author=" Ryan S.J.D. Baker and Kalina Yacef",
	title="The state of educational data mining in 2009: A review and future visions",
	journal="Journal of Educational Data Mining",
	volume="1",
	number="1",
	pages="3--17",
	year="2009",
}


@article{Calders:2012:ISS:2207243.2207245,
	author = {Calders, Toon and Pechenizkiy, Mykola},
	title = {Introduction to the Special Section on Educational Data Mining},
	journal = {SIGKDD Explor. Newsl.},
	issue_date = {December 2011},
	volume = {13},
	number = {2},
	month = may,
	year = {2012},
	issn = {1931-0145},
	pages = {3--6},
	numpages = {4},
	url = {http://doi.acm.org/10.1145/2207243.2207245},
	doi = {10.1145/2207243.2207245},
	acmid = {2207245},
	publisher = {ACM},
	address = {New York, NY, USA},
}


@book{romero2010handbook,
	title={Handbook of educational data mining},
	author={Romero, Cristobal and Ventura, Sebastian and Pechenizkiy, Mykola and Baker, Ryan SJd},
	year={2010},
	publisher={CRC Press}
}


@incollection{baker2014educational,
	title={Educational data mining and learning analytics},
	author={Baker, Ryan Shaun and Inventado, Paul Salvador},
	booktitle={Learning Analytics},
	pages={61--75},
	year={2014},
	publisher={Springer}
}


@misc{kddcup2015,
	author = {SIGKDD},
	title = {KDD CUP 2015},
	note = "\url{http://kddcup2015.com/}",
}

@misc{scaling_hmm,
	author = {Dawei Shen},
	title = {Some Mathematics for HMM},
	year = {2008}
}


@article{gonzalez2014general,
	author={Gonz{\'a}lez-Brenes, JP and Huang, Yun and Brusilovsky, Peter},
	title={General features in knowledge tracing: Applications to multiple subskills, temporal item response theory, and expert knowledge},
	journal = {Proceedings of the 7th International Conference on Educational Data Mining},
	page = {84--91},
	year = {2014}
}

@article{levinson1983introduction,
	title={An introduction to the application of the theory of probabilistic functions of a Markov process to automatic speech recognition},
	author={Levinson, Stephen E and Rabiner, Lawrence R and Sondhi, Man Mohan},
	journal={Bell System Technical Journal, The},
	volume={62},
	number={4},
	pages={1035--1074},
	year={1983},
	publisher={Alcatel-Lucent}
}

@article{khajah2014integrating,
	title={Integrating latent-factor and knowledge-tracing models to predict individual differences in learning},
	author={Khajah, Mohammad and Wing, Rowan M and Lindsey, Robert V and Mozer, Michael C},
	publisher={Citeseer},
	journal = {Proceedings of the 7th International Conference on Educational Data Mining},
	page = {99--106},
	year = {2014}
}

@article{khajah2014fast_lfkt,
	title={Integrating knowledge tracing and item response theory: A tale of two frameworks},
	author={Khajah, Mohammad M and Huang, Yun and Gonz{\'a}lez-Brenes, Jos{\'e} P and Mozer, Michael C and Brusilovsky, Peter},
	journal={Personalization Approaches in Learning Environments},
	pages={7},
	year={2014}
}

@article{wixted2007wickelgren,
	title={The Wickelgren power law and the Ebbinghaus savings function},
	author={Wixted, John T and Carpenter, Shana K},
	journal={Psychological Science},
	volume={18},
	number={2},
	pages={133--134},
	year={2007},
	publisher={SAGE Publications}
}

@unpublished{lindseypredicting,
	title={Predicting Individual Differences in Student Learning via Collaborative Filtering},
	author={Lindsey, Robert V and Mozer, Michael C},
	note={In submission}
}

@inproceedings{qiu2011does,
	title={Does Time Matter? Modeling the Effect of Time in Bayesian Knowledge Tracing},
	author={QIU, YUMENG and QI, YINGMEI and LU, HANYUAN and PARDOS, ZACHARY A and HEFFERNAN, NEIL T},
	booktitle={EDM 2011 4 th International Conference on Educational Data Mining},
	pages={139},
	organization={ERIC},
	year={2011}
}


@misc{kddcup2010_ba67,
	author = {J. Stamper and A.Niculescu-Mizil and S.Ritter and G.J.Gordon and K.R.Koedinger},
	title = {Bridge to Algebra 2006-2007, Development data set from KDD Cup 2010 Educational Data Mining Challenge},
	note = {\url{http://pslcdatashop.web.cmu.edu/KDDCup/downloads.jsp}}
}

@article{tatsuoka1983rule,
	title={Rule space: An approach for dealing with misconceptions based on item response theory},
	author={Tatsuoka, Kikumi K},
	journal={Journal of Educational Measurement},
	volume={20},
	number={4},
	pages={345--354},
	year={1983},
	publisher={Wiley Online Library}
}

@article{tatsuoka1990toward,
	title={Toward an integration of item-response theory and cognitive error diagnosis},
	author={Tatsuoka, Kikumi K},
	journal={Diagnostic monitoring of skill and knowledge acquisition},
	pages={453--488},
	year={1990}
}


@misc{auc_croud,
	author = {CroudSolving},
	title = {AUC (Area under the reciver operator curve)},
	note = {\url{https://crowdsolving.jp/node/190}\ (2016年2月4日閲覧)}
}

@misc{rmse_croud,
	author = {CroudSolving},
	title = {RMSE (Root Mean Squared Error)},
	note = {\url{https://crowdsolving.jp/node/1130}\ (2016年2月4日閲覧)}

}

@article{knowledge_tracing_CorbettA95,
	added-at = {2011-06-06T00:00:00.000+0200},
	author = {Corbett, Albert T. and Anderson, John R.},
	biburl = {http://www.bibsonomy.org/bibtex/2837f915f863c15ddc1d56dc400f93d52/dblp},
	ee = {http://dx.doi.org/10.1007/BF01099821},
	interhash = {f7f785827d31160f261fb14a48a2b60e},
	intrahash = {837f915f863c15ddc1d56dc400f93d52},
	journal = {User Model. User-Adapt. Interact.},
	keywords = {dblp},
	number = 4,
	pages = {253-278},
	timestamp = {2011-06-07T11:32:38.000+0200},
	title = {Knowledge Tracing: Modelling the Acquisition of Procedural Knowledge.},
	url = {http://dblp.uni-trier.de/db/journals/umuai/umuai4.html#CorbettA95},
	volume = 4,
	year = 1995
}

@misc{asai_advanced,
	title = {e-Leaningシステムの大量試験結果データからのユーザスキルの判定},
	author = {大枝 真一., 浅井 孝太.},
	month = feb,
	year = 2016,
	howpublished = {木更津工業高等専門学校 専攻科特別研究状況報告書}
}

@article{asai_ipsj,
 title = {Knowledge TracingとIRTの組み合わせによる大量試験結果データからの学生モデリング手法の提案},
 author = {大枝 真一., 浅井 孝太.},
 journal = {第78回全国大会講演論文集},
 volume = 1,
 pages = {661-662},
 year = 2016

}

@article{oeda_ekm,
  author = {Kouta Asai., Shinichi Oeda.},
	title = {Student Modeling Method Integrating Knowledge Tracing IRT with Decay Effect},
	journal = {Second International Workshop on Educational Knowledge Management (EKM 2016)},
	year = 2016
}

@book{PRLM_ge,
	author = {ビショップCM.},
	title = {パターン認識と機械学習下:ベイズ理論による統計的予測},
	publisher = {丸善出版},
	year = 2008
}

@book{zokupata,
	author = {上田修功., 石井健一郎},
	title = {続・わかりやすいパターン認識: 教師なし学習入門},
	publisher = {オーム社},
	year = 2014
}

@book{probability_statistics_for_programming,
	author = {堀玄., 平岡和幸},
	title = {プログラミングのための確率統計},
	publisher = {オーム社},
	year = 2009
}

@article{fhmm,
 author = {Ghahramani, Zoubin and Jordan, Michael I.},
 title = {Factorial Hidden Markov Models},
 journal = {Mach. Learn.},
 issue_date = {Nov./Dec. 1997},
 volume = {29},
 number = {2-3},
 month = nov,
 year = {1997},
 issn = {0885-6125},
 pages = {245--273},
 numpages = {29},
 url = {http://dx.doi.org/10.1023/A:1007425814087},
 doi = {10.1023/A:1007425814087},
 acmid = {274165},
 publisher = {Kluwer Academic Publishers},
 address = {Hingham, MA, USA},
 keywords = {Bayesian networks, EM algorithm, Hidden Markov models, graphical models, mean field theory, time series},
}

@article{s_f_fhmm,
 author = {Jean-Louis Durrieu. and Jean-Philippe Thiran.},
 title = {Source/Filter Factorial Hidden Markov Model, With Application to Pitch and Formant Tracking},
 issue_date = {Dec. 2013},
 volume = {21},
 month = aug,
 year = {2013},
 issn = {1558-7924},
 pages = {2541--2553},
 url = {http://ieeexplore.ieee.org/document/6578072/},
 publisher = {IEEE Transactions on Audio, Speech, and Language Processing},
}

@misc{Logan97factorialhidden,
  author = {Beth Logan and Pedro J. Moreno},
  title = {Factorial hidden Markov models for speech recognition: Preliminary experiments},
  year = {1997}
}

@inproceedings{Dongheui2008missing,
	author = {Dana Kulic, Dongheui Lee, and Yoshihiko Nakamura},
	title = {Missing motion data recovery using factorial hidden Markov models},
	month = may,
	year = {2008},
	url = {http://ieeexplore.ieee.org/document/4543449/},
	publisher = {Robotics and Automation, 2008. ICRA 2008. IEEE International Conference.}
}

@article{NepalY13,
  author    = {Anjan Nepal and
               Alexander Yates},
  title     = {Factorial Hidden Markov Models for Learning Representations of Natural
               Language},
  journal   = {CoRR},
  year      = {2013},
  url       = {http://arxiv.org/abs/1312.6168},
  timestamp = {Mon, 06 Jan 2014 15:10:41 +0100},
  biburl    = {http://dblp.uni-trier.de/rec/bib/journals/corr/NepalY13},
  bibsource = {dblp computer science bibliography, http://dblp.org}
}

@article{variational_method,
 author = {Jordan, Michael I. and Ghahramani, Zoubin and Jaakkola, Tommi S. and Saul, Lawrence K.},
 title = {An Introduction to Variational Methods for Graphical Models},
 journal = {Mach. Learn.},
 issue_date = {Nov.1.1999},
 volume = {37},
 number = {2},
 month = nov,
 year = {1999},
 issn = {0885-6125},
 pages = {183--233},
 numpages = {51},
 url = {http://dx.doi.org/10.1023/A:1007665907178},
 doi = {10.1023/A:1007665907178},
 acmid = {339252},
 publisher = {Kluwer Academic Publishers},
 address = {Hingham, MA, USA},
 keywords = {Bayesian networks, Boltzmann machines, approximate inference, belief networks, graphical models, hidden Markov models, mean field methods, neural networks, probabilistic inference, variational methods},
}

@inproceedings{zachay2008edm,
	author = {Zachary Pardos, Joseph Beck, Neil Heffernan and Carolina Ruiz},
	title = {The Composition Effect: Conjuntive or Compensatory? An Analysis of Multi-Skill Math Questions in ITS},
	booktitle = {Educational Data Mining 2008: 1‎st International Conference on Educational Data Mining, ‎Proceedings.},
	year = {2008},
	editor = {‎Baker, R.S.J.d., Barnes, T., Beck, J.E. (Eds.)},
	pages = {147--156},
	month = jun
}

@inproceedings{structuredKT,
 author = {Wang, Zhuo and Zhu, Jile and Li, Xiang and Hu, Zhiting and Zhang, Ming},
 title = {Structured Knowledge Tracing Models for Student Assessment on Coursera},
 booktitle = {Proceedings of the Third (2016) ACM Conference on Learning @ Scale},
 series = {L@S '16},
 year = {2016},
 isbn = {978-1-4503-3726-7},
 location = {Edinburgh, Scotland, UK},
 pages = {209--212},
 numpages = {4},
 url = {http://doi.acm.org/10.1145/2876034.2893416},
 doi = {10.1145/2876034.2893416},
 acmid = {2893416},
 publisher = {ACM},
 address = {New York, NY, USA},
 keywords = {hierarchical and temporal, knowledge tracing, moocs, student assessment, student modeling},
}

@inproceedings{koedinger2011edm,
	author = {Kenneth Koedinger, Philip I. Pavlik Jr., John Stamper, Tristan Nixon and Steven Ritter},
	title = {Avoiding Problem Selection Thrashing with Conjunctive Knowledge Tracing},
	booktitle = {Proceedings of the 4th International Conference on Educational Data Mining},
	year = {2011},
	editor = {Pechenizkiy, M., Calders, T., Conati, C., Ventura, S., Romero , C., and Stamper, J. (Eds.)},
	pages = {91--100}
}

@inproceedings{jp_aistats_2015,
title={{Modeling Skill Acquisition Over Time with Sequence and Topic Modeling}},
author={Gonz{\'a}lez-Brenes, Jos{\'e} P.},
booktitle={Proceedings of the Eighteenth International Conference on Artificial Intelligence and Statistics AISTATS 2015},
pages={296--305},
editor={Guy Lebanon and S.V.N. Vishwanathan},
year={2015},
url={http://jmlr.org/proceedings/papers/v38/gonzalez-brenes15.pdf},
comment={6% acceptance rate for presentations},
note={representative paper},
type={Full}
}

@article{how_deep,
  author    = {Mohammad Khajah and
               Robert V. Lindsey and
               Michael C. Mozer},
  title     = {How deep is knowledge tracing?},
  journal   = {CoRR},
  volume    = {abs/1604.02416},
  year      = {2016},
  url       = {http://arxiv.org/abs/1604.02416},
  timestamp = {Mon, 02 May 2016 18:22:52 +0200},
  biburl    = {http://dblp.uni-trier.de/rec/bib/journals/corr/KhajahLM16},
  bibsource = {dblp computer science bibliography, http://dblp.org}
}

@inproceedings{PALE4,
 author = {Huang, Y., Guerra, J., and Brusilovsky, P.},
 editor = {M. Kravcik, O.C. Santos, J.G. Boticario, M. Bielikova, (Eds.) },
 title = {Modeling Skill Combination Patterns for Deeper Knowledge Tracing},
 booktitle = {Proceedings of the 6th International Workshop on Personalization Approaches in Learning Environments (PALE),
  						held in conjunction with the 24th ACM International Conference on User Modeling, Adaptation, and Personalization (UMAP 2016)},
 year = {2016},
 month = jul,
 day = 16,
 volume = {1618},
 location = {Halifax, Canada},
 pages = {22--30},
 publisher = { CEUR Workshop Proceedings},
}

@article{Julia,
  author    = {Jeff Bezanson and
               Stefan Karpinski and
               Viral B. Shah and
               Alan Edelman},
  title     = {Julia: {A} Fast Dynamic Language for Technical Computing},
  journal   = {CoRR},
  volume    = {abs/1209.5145},
  year      = {2012},
  url       = {http://arxiv.org/abs/1209.5145},
  timestamp = {Wed, 10 Oct 2012 21:28:55 +0200},
  biburl    = {http://dblp.uni-trier.de/rec/bib/journals/corr/abs-1209-5145},
  bibsource = {dblp computer science bibliography, http://dblp.org}
}

@misc{mext_moocs_research,
	author = {大学ICT推進協議会},
	title = {Mooc等を活用した教育改善に関する調査研究},
	volume = {4},
	year = {2015}
}
