@inproceedings{Rendle:2010:FM:1933307.1934620,
 author = {Rendle, Steffen},
 title = {``Factorization Machines''},
 booktitle = {Proceedings of the 2010 IEEE International Conference on Data Mining},
 series = {ICDM '10},
 year = {2010},
 isbn = {978-0-7695-4256-0},
 pages = {995--1000},
 numpages = {6},
 url = {http://dx.doi.org/10.1109/ICDM.2010.127},
 doi = {10.1109/ICDM.2010.127},
 acmid = {1934620},
 publisher = {IEEE Computer Society},
 address = {Washington, DC, USA},
 keywords = {factorization machine, sparse data, tensor factorization, support vector machine},
}

@article{Rendle:2012:FML:2168752.2168771,
 author = {Rendle, Steffen},
 title = {Factorization Machines with libFM},
 journal = {ACM Trans. Intell. Syst. Technol.},
 issue_date = {May 2012},
 volume = {3},
 number = {3},
 month = may,
 year = {2012},
 issn = {2157-6904},
 pages = {57:1--57:22},
 articleno = {57},
 numpages = {22},
 url = {http://doi.acm.org/10.1145/2168752.2168771},
 doi = {10.1145/2168752.2168771},
 acmid = {2168771},
 publisher = {ACM},
 address = {New York, NY, USA},
 keywords = {Factorization model, collaborative filtering, factorization machine, matrix factorization, recommender system, tensor factorization},
}

@article{Cortes:1995:SN:218919.218929,
 author = {Cortes, Corinna and Vapnik, Vladimir},
 title = {``Support-Vector Networks''},
 journal = {Mach. Learn.},
 issue_date = {Sept. 1995},
 volume = {20},
 number = {3},
 month = sep,
 year = {1995},
 issn = {0885-6125},
 pages = {273--297},
 numpages = {25},
 url = {https://doi.org/10.1023/A:1022627411411},
 doi = {10.1023/A:1022627411411},
 acmid = {218929},
 publisher = {Kluwer Academic Publishers},
 address = {Hingham, MA, USA},
 keywords = {efficient learning algorithms, neural networks, pattern recognition, polynomial classifiers, radial basis function classifiers},
}

@article{Koren:2009:MFT:1608565.1608614,
 author = {Koren, Yehuda and Bell, Robert and Volinsky, Chris},
 title = {``Matrix Factorization Techniques for Recommender Systems''},
 journal = {Computer},
 issue_date = {August 2009},
 volume = {42},
 number = {8},
 month = aug,
 year = {2009},
 issn = {0018-9162},
 pages = {30--37},
 numpages = {8},
 url = {http://dx.doi.org/10.1109/MC.2009.263},
 doi = {10.1109/MC.2009.263},
 acmid = {1608614},
 publisher = {IEEE Computer Society Press},
 address = {Los Alamitos, CA, USA},
 keywords = {Computational intelligence, Computational intelligence, Netflix Prize, Matrix factorization, Matrix factorization, Netflix Prize},
}

@incollection{NIPS2000_1861,
title = {``Algorithms for Non-negative Matrix Factorization''},
author = {Daniel D. Lee and Seung, H. Sebastian},
booktitle = {Advances in Neural Information Processing Systems 13},
editor = {T. K. Leen and T. G. Dietterich and V. Tresp},
pages = {556--562},
year = {2001},
publisher = {MIT Press},
url = {http://papers.nips.cc/paper/1861-algorithms-for-non-negative-matrix-factorization.pdf}
}

@article{article,
author = {Thai-Nghe, Nguyen and Drumond, Lucas and Horvath, Tomas and Schmidt-Thieme, Lars},
year = {2012},
month = {01},
pages = {},
title = {``Using Factorization Machines for Student Modeling''},
volume = {872},
booktitle = {CEUR Workshop Proceedings}
}

@article{Calders:2012:ISS:2207243.2207245,
 author = {Calders, Toon and Pechenizkiy, Mykola},
 title = {``Introduction to the Special Section on Educational Data Mining''},
 journal = {SIGKDD Explor. Newsl.},
 issue_date = {December 2011},
 volume = {13},
 number = {2},
 month = may,
 year = {2012},
 issn = {1931-0145},
 pages = {3--6},
 numpages = {4},
 url = {http://doi.acm.org/10.1145/2207243.2207245},
 doi = {10.1145/2207243.2207245},
 acmid = {2207245},
 publisher = {ACM},
 address = {New York, NY, USA},
}

@article{journals/umuai/CorbettA95,
  added-at = {2011-06-06T00:00:00.000+0200},
  author = {Corbett, Albert T. and Anderson, John R.},
  biburl = {https://www.bibsonomy.org/bibtex/2837f915f863c15ddc1d56dc400f93d52/dblp},
  ee = {http://dx.doi.org/10.1007/BF01099821},
  interhash = {f7f785827d31160f261fb14a48a2b60e},
  intrahash = {837f915f863c15ddc1d56dc400f93d52},
  journal = {User Model. User-Adapt. Interact.},
  keywords = {dblp},
  number = 4,
  pages = {253-278},
  timestamp = {2011-06-07T11:32:38.000+0200},
  title = {``Knowledge Tracing: Modelling the Acquisition of Procedural Knowledge.''},
  url = {http://dblp.uni-trier.de/db/journals/umuai/umuai4.html#CorbettA95},
  volume = 4,
  year = 1995
}

@conference{rendle:mlconf,
  author = {Rendle, Steffen},
  title = {``Factorization Machines''},
  year = {2014},
  month = {November},
  day = {14},
  publisher = {The Machine Learning Conference 2014},
  url = {https://www.slideshare.net/SessionsEvents/steffen-rendle-research-scientist-google-at-mlconf-sf}
}

@misc{Kaggle,
  howpublished = "\url{https://www.kaggle.com/c/WhatDoYouKnow/}\\(2017/12/11 閲覧)"
}

@unknown{wnmf,
author = {Guillamet, David and Bressan, Marco and Vitrià, Jordi},
year = {2001},
month = {02},
pages = {I-942},
title = {A weighted non-negative matrix factorization for local representations},
volume = {1},
isbn = {0-7695-1272-0},
booktitle = {Proceedings / CVPR, IEEE Computer Society Conference on Computer Vision and Pattern Recognition. IEEE Computer Society Conference on Computer Vision and Pattern Recognition}
}
